%% Sample of bibliography reference.

@article{PhysRevE.83.056111,
  doi = {10.1103/PhysRevE.83.056111},
  month = {May},
  issue = {5},
  author = {Domic, Nicol\'as Goles and Goles, Eric and Rica, Sergio},
  year = {2011},
  url = {http://link.aps.org/doi/10.1103/PhysRevE.83.056111},
  publisher = {American Physical Society},
  title = {Dynamics and complexity of the Schelling segregation model},
  pages = {056111},
  journal = {Phys. Rev. E},
  volume = {83},
  numpages = {13}
}

